<?xml version="1.0" encoding="UTF-8"?><collection xmlns="http://www.loc.gov/MARC21/slim"><record><leader>00394nam--2200121-i-4500</leader><controlfield tag="001">000033291</controlfield><controlfield tag="002">20161230</controlfield><controlfield tag="005">20161230201039</controlfield><controlfield tag="008">060222s1000------------r-----000-0-eng-d</controlfield><datafield ind1=" " ind2=" " tag="080"><subfield code="a">65</subfield></datafield><datafield ind1=" " ind2=" " tag="245"><subfield code="a">Metodologia cadru de determinare a fiabilitatii operationale pentru produse si instalatii complexe din profilul de fabricare m.i.c.m.</subfield></datafield><datafield ind1=" " ind2=" " tag="260"><subfield code="a">Bucuresti, I.C.S.I.T., Faur,1984. 57p</subfield></datafield><datafield ind1=" " ind2=" " tag="852"><subfield code="a">73365</subfield></datafield></record></collection>